@INPROCEEDINGS{10389982,
  author={Pu, Qingna and Hu, Bin},
  booktitle={2023 International Conference on Ambient Intelligence, Knowledge Informatics and Industrial Electronics (AIKIIE)}, 
  title={Intelligent Movie Recommendation System Based on Hybrid Recommendation Algorithms}, 
  year={2023},
  volume={},
  number={},
  pages={1-5},
  keywords={Surveys;Measurement;System performance;Motion pictures;User experience;Security;Sparks;movie recommendation system;hybrid recommendation algorithm;collaborative filtering algorithm},
  doi={10.1109/AIKIIE60097.2023.10389982}},

@INPROCEEDINGS{10466096,
  author={Chauhan, Rahul and Vaghela, Krunal N. and Bisht, Riya and Bhatt, Chandradeep and Verma, Deepak},
  booktitle={2023 International Conference on Advances in Computation, Communication and Information Technology (ICAICCIT)}, 
  title={Content Based Movie Recommendation System Using Machine Learning Algorithm}, 
  year={2023},
  volume={},
  number={},
  pages={477-481},
  keywords={Machine learning algorithms;TV;Diversity reception;Motion pictures;Search problems;Prediction algorithms;Information and communication technology;Content-based recommendation system;PyCharm;Machine learning;Web application;Jupiter},
  doi={10.1109/ICAICCIT60255.2023.10466096}}